@inproceedings{perronnin2007fisher,
  title={Fisher kernels on visual vocabularies for image categorization},
  author={Perronnin, Florent and Dance, Christopher},
  booktitle={Computer Vision and Pattern Recognition, 2007. CVPR'07. IEEE Conference on},
  pages={1--8},
  year={2007},
  organization={IEEE}
}
