@article{lee2012object,
  title={Object-graphs for context-aware visual category discovery},
  author={Lee, Yong Jae and Grauman, Kristen},
  journal={Pattern Analysis and Machine Intelligence, IEEE Transactions on},
  volume={34},
  number={2},
  pages={346--358},
  year={2012},
  publisher={IEEE}
}
