@article{hwang2012reading,
  title={Reading between the lines: Object localization using implicit cues from image tags},
  author={Hwang, Sung Ju and Grauman, Kristen},
  journal={Pattern Analysis and Machine Intelligence, IEEE Transactions on},
  volume={34},
  number={6},
  pages={1145--1158},
  year={2012},
  publisher={IEEE}
}
