@inproceedings{berg2004names,
  title={Names and faces in the news},
  author={Berg, Tamara L and Berg, Alexander C and Edwards, Jaety and Maire, Michael and White, Ryan and Teh, Yee-Whye and Learned-Miller, Erik and Forsyth, David A},
  booktitle={Computer Vision and Pattern Recognition, 2004. CVPR 2004. Proceedings of the 2004 IEEE Computer Society Conference on},
  volume={2},
  pages={II--848},
  year={2004},
  organization={IEEE}
}
